<record><leader>00000cas a22000007a 4500</leader><controlfield tag="001">10470875</controlfield><controlfield tag="008">840229c19819999txuwr ne      0   a0eng d</controlfield><datafield ind1=" " ind2=" " tag="010"><subfield code="a">sn 84009393 </subfield></datafield><datafield ind1=" " ind2=" " tag="040"><subfield code="a">NSD</subfield><subfield code="b">eng</subfield><subfield code="c">NSD</subfield><subfield code="d">PPM</subfield><subfield code="d">OCLCQ</subfield></datafield><datafield ind1=" " ind2=" " tag="012"><subfield code="m">1</subfield></datafield><datafield ind1="0" ind2=" " tag="022"><subfield code="a">0747-0215</subfield><subfield code="l">0747-0215</subfield><subfield code="2">1</subfield></datafield><datafield ind1=" " ind2=" " tag="032"><subfield code="a">665850</subfield><subfield code="b">USPS</subfield></datafield><datafield ind1=" " ind2=" " tag="037"><subfield code="b">Walnut Springs Pub., Inc. 106-B E. Court Street, Sequin, TX 78155</subfield></datafield><datafield ind1=" " ind2=" " tag="042"><subfield code="a">nsdp</subfield></datafield><datafield ind1=" " ind2="4" tag="222"><subfield code="a">The Seguin citizen</subfield></datafield><datafield ind1="0" ind2="4" tag="245"><subfield code="a">The Sequin citizen.</subfield></datafield><datafield ind1=" " ind2=" " tag="260"><subfield code="a">Sequin, Tex. :</subfield><subfield code="b">Ken Steger,</subfield><subfield code="c">1981-</subfield></datafield><datafield ind1=" " ind2=" " tag="310"><subfield code="a">Weekly</subfield></datafield><datafield ind1="0" ind2=" " tag="362"><subfield code="a">Vol. 1, no. 1 (Oct. 15, 1981)-</subfield></datafield><datafield ind1=" " ind2=" " tag="500"><subfield code="a">Publisher: Walnut Springs Pub., Inc. &lt;1984&gt;</subfield></datafield><datafield ind1=" " ind2=" " tag="752"><subfield code="a">United States</subfield><subfield code="b">Texas</subfield><subfield code="c">Guadalupe</subfield><subfield code="d">Sequin.</subfield></datafield><datafield ind1=" " ind2=" " tag="936"><subfield code="a">Feb. 9, 1984</subfield></datafield></record>